% example .bib file from
% http://www.math.duke.edu/computing/tex/templates/database.bib

@misc{tcp1,
    title = {Protocolo de control de transmisión},
    note  = {\url{https://es.wikipedia.org/wiki/Protocolo_de_control_de_transmisi\%C3\%B3n}, 
             Última vez accedido el 29-02-2020},
}

@misc{tcp2,
    author= {{Carlos Villagómez}},
    title = {Protocolo TCP},
    note  = {\url{https://es.ccm.net/contents/281-protocolo-tcp}, 
             Última vez accedido el 29-02-2020},
}


@misc{udp,
    title = {Protocolo de datagramas de usuario},
    note  = {\url{https://es.wikipedia.org/wiki/Protocolo_de_datagramas_de_usuario}, 
             Última vez accedido el 29-02-2020},
}


@misc{rtt,
    title = {Tiempo de ida y vuelta},
    note  = {\url{https://es.wikipedia.org/wiki/Tiempo_de_ida_y_vuelta}, 
             Última vez accedido el 29-02-2020},
}


@misc{prompt,
    title = {Prompt},
    note  = {\url{https://es.wikipedia.org/wiki/Prompt}, 
             Última vez accedido el 29-02-2020},
}